@misc{ref1,
    title = "Camera resectioning",
    howpublished = {\url{https://en.wikipedia.org/wiki/Camera_resectioning}}
}
@book{ref2,
    title = {14 Lectures on Visual SLAM: From Theory to Practice}, 
    publisher = {Publishing House of Electronics Industry},
    year = {2017},
    author = {Xiang Gao, Tao Zhang, Yi Liu and Qinrui Yan}
}
@misc{ref3,
    title     = "相机矩阵(Camera Matrix)",
    howpublished = {\url{https://www.jianshu.com/p/2341da36aa8e}}
}
@misc{ref4,
    title = "Distortion (optics)",
    howpublished = {\url{https://en.wikipedia.org/wiki/Distortion_(optics)}}
}
@misc{ref5,
    title = "Camera calibration With OpenCV",
    howpublished = {\url{https://docs.opencv.org/master/d4/d94/tutorial_camera_calibration.html}}
}
@book{ref6,
    title = {Multiple View Geometry in Computer Vision}, 
    publisher = {Cambridge University Press},
    year = {2004},
    author = {Richard Hartley, Andrew Zisserman}
}
@misc{ref7,
    title = "针孔相机投影模型以及畸变模型",
    howpublished = {\url{https://blog.csdn.net/u011178262/article/details/74159480}}
}
@article{ref8,
	author = {Brown, D.C.},
	year = {1966},
	pages = {444-462},
	title = {Decentering the distortion of lenses},
	volume = {32},
	journal = {Photogramm. Eng.}
}
@book{ref9,
    title = {Learning OpenCV 3},
    publisher = {O'Reilly Media, Inc},
    year = {2016},
    author = {Adrian Kaehler, Gary Bradski}
}
@misc{ref10,
    title = "Camera calibration with square chessboard",
    howpublished = {\url{https://docs.opencv.org/3.4.2/dc/d43/tutorial_camera_calibration_square_chess.html}}
}
@article{ref11,
author = {Zhang, Zhengyou},
year = {2000},
pages = {1330 - 1334},
title = {A Flexible New Technique for Camera Calibration},
volume = {22},
journal = {Pattern Analysis and Machine Intelligence, IEEE Transactions on},
doi = {10.1109/34.888718}
}
@misc{ref12,
    title = "张正友相机标定法原理与实现",
    howpublished = {\url{https://blog.csdn.net/qq_40369926/article/details/89251296}}
}
@misc{ref13,
    title = "对极几何（Epipolar Geometry）",
    howpublished = {\url{https://www.cnblogs.com/clarenceliang/p/6704970.html}}
}
@misc{ref14,
    title = "机器视觉学习笔记（6）——双目摄像机标定参数说明",
    howpublished = {\url{https://blog.csdn.net/xuelabizp/article/details/50417914}}
}